@article{wang2020allen,
  title={The Allen mouse brain common coordinate framework: a 3D reference atlas},
  author={Wang, Quanxin and Ding, Song-Lin and Li, Yang and Royall, Josh and Feng, David and Lesnar, Phil and Graddis, Nile and Naeemi, Maitham and Facer, Benjamin and Ho, Anh and others},
  journal={Cell},
  volume={181},
  number={4},
  pages={936--953},
  year={2020},
  publisher={Elsevier}
}

@article{jun2017fully,
  title={Fully integrated silicon probes for high-density recording of neural activity},
  author={Jun, James J and Steinmetz, Nicholas A and Siegle, Joshua H and Denman, Daniel J and Bauza, Marius and Barbarits, Brian and Lee, Albert K and Anastassiou, Costas A and Andrei, Alexandru and Ayd{\i}n, {\c{C}}a{\u{g}}atay and others},
  journal={Nature},
  volume={551},
  number={7679},
  pages={232--236},
  year={2017},
  publisher={Nature Publishing Group UK London}
}

@article{qiu2018mouse,
  title={Mouse MRI shows brain areas relatively larger in males emerge before those larger in females},
  author={Qiu, Lily R and Fernandes, Darren J and Szulc-Lerch, Kamila U and Dazai, Jun and Nieman, Brian J and Turnbull, Daniel H and Foster, Jane A and Palmert, Mark R and Lerch, Jason P},
  journal={Nature communications},
  volume={9},
  number={1},
  pages={2615},
  year={2018},
  publisher={Nature Publishing Group UK London}
}

@article{dorr2008high,
  title={High resolution three-dimensional brain atlas using an average magnetic resonance image of 40 adult C57Bl/6J mice},
  author={Dorr, AE and Lerch, Jason P and Spring, Shoshana and Kabani, N and Henkelman, R Mark},
  journal={Neuroimage},
  volume={42},
  number={1},
  pages={60--69},
  year={2008},
  publisher={Elsevier}
}

@article{international2022reproducibility,
  title={Reproducibility of in-vivo electrophysiological measurements in mice},
  author={International Brain Laboratory, The and Banga, Kush and Benson, Julius and Bonacchi, Niccol{\`o} and Bruijns, Sebastian A and Campbell, Rob and Chapuis, Ga{\"e}lle A and Churchland, Anne K and Davatolhagh, M Felicia and Lee, Hyun Dong and others},
  journal={bioRxiv},
  pages={2022--05},
  year={2022},
  publisher={Cold Spring Harbor Laboratory}
}

@article{koch2022next,
  title={Next-generation brain observatories},
  author={Koch, Christof and Svoboda, Karel and Bernard, Amy and Basso, Michele A and Churchland, Anne K and Fairhall, Adrienne L and Groblewski, Peter A and Lecoq, J{\'e}r{\^o}me A and Mainen, Zachary F and Mathis, Mackenzie W and others},
  journal={Neuron},
  volume={110},
  number={22},
  pages={3661--3666},
  year={2022},
  publisher={Elsevier}
}

@article{siegle2017open,
  title={Open Ephys: an open-source, plugin-based platform for multichannel electrophysiology},
  author={Siegle, Joshua H and L{\'o}pez, Aar{\'o}n Cuevas and Patel, Yogi A and Abramov, Kirill and Ohayon, Shay and Voigts, Jakob},
  journal={Journal of neural engineering},
  volume={14},
  number={4},
  pages={045003},
  year={2017},
  publisher={IOP Publishing}
}

@article{steinmetz2019distributed,
  title={Distributed coding of choice, action and engagement across the mouse brain},
  author={Steinmetz, Nicholas A and Zatka-Haas, Peter and Carandini, Matteo and Harris, Kenneth D},
  journal={Nature},
  volume={576},
  number={7786},
  pages={266--273},
  year={2019},
  publisher={Nature Publishing Group UK London}
}
